
@book{parisi_2015,
 edition={1},
 title={Learning virtual reality: developing immersive experiences and applications for desktop, web, and mobile},
 publisher={O'Reilly Media},
 author={Parisi, Tony},
 isbn={0636920038467},
 year={2015}
}

@book{manning1999natural,
   title =     {Foundations of Statistical Natural Language Processing},
   author =    {Christopher D. Manning, Hinrich Schuetze},
   publisher = {The MIT Press},
   isbn =      {9780262133609,0262133601},
   year =      {1999},
   series =    {},
   edition =   {1},
   volume =    {}
}
@inproceedings{kapoor2001real,
  title={A real-time head nod and shake detector},
  author={Kapoor, Ashish and Picard, Rosalind W},
  booktitle={Proceedings of the 2001 workshop on Perceptive user interfaces},
  pages={1--5},
  year={2001},
  organization={ACM}
}

@book{kim_2005,
 place={New York},
 title={Designing virtual reality systems: the structured approach},
 publisher={Springer},
 author={Kim, Gerard Jounghyun.},
 isbn={1-85233-958-6},
 year={2005}
}


@book{vince_2004,
 place={London},
 title={Introduction to virtual reality},
 publisher={Springer},
 author={Vince, John},
 isbn={978-1-85233-739-1},
 year={2004}
} 


@misc{googlevr,
 title={Google Cardboard},
 howpublished= "\url{https://vr.google.com/cardboard/}",
 journal={Google VR},
 note= "[Online; diakses 10-September-2016]"
} 

 @misc{android_open_source_project,
 title={Sensor types},
 howpublished= "\url{https://source.android.com/devices/sensors/sensor-types.html}",
 journal={Android Open Source Project},
 note= "[Online; diakses 10-September-2016]"
} 

@article{bleser2009advanced,
  title={Advanced tracking through efficient image processing and visual--inertial sensor fusion},
  author={Bleser, Gabriele and Stricker, Didier},
  journal={Computers \& Graphics},
  volume={33},
  number={1},
  pages={59--72},
  year={2009},
  publisher={Elsevier}
}
@misc{developers2011android,
  title={What is android},
  author={Developers, Android},
  year={2011},
  publisher={Android Developers, http://developer. android. com/guide/basics/what-is-android. html, accessed May}
}

@misc{android_developers,
 title={Android 7.0 Nougat!},
 howpublished= "\url{https://developer.android.com/}",
 note= "[Online; diakses 12-September-2016]"
}

@misc{google_vr_developers,
 title={Google VR | Google Developers},
 howpublished= "\url{https://developers.google.com/vr/}",
 note= "[Online; diakses 20-September-2016]"
}


@book{kuipers:1999,
 place             		= {Princeton, NJ},
 author               = {Kuipers, Jack B.},
 isbn                 = {0-691-05872-5},
 publisher            = {Princeton University Press},
 title                = {Quaternions and Rotation Sequences : A Primer with Applications to Orbits, Aerospace, and Virtual Reality},
 year                 = {1998},
}

